<?xml version="1.0" encoding="UTF-8"?><collection xmlns="http://www.loc.gov/MARC21/slim"><record><leader>00334nam--2200121-i-4500</leader><controlfield tag="001">000040846</controlfield><controlfield tag="002">20161230</controlfield><controlfield tag="005">20161230201042</controlfield><controlfield tag="008">060222s1000------------r-----000-0-eng-d</controlfield><datafield ind1=" " ind2=" " tag="080"><subfield code="a">061.23:339.923</subfield></datafield><datafield ind1=" " ind2=" " tag="245"><subfield code="a">Official directory of eastern countries suppliers. 4 eme ed</subfield></datafield><datafield ind1=" " ind2=" " tag="260"><subfield code="a">Pris, Schlumberger Limited, 1977, 567p</subfield></datafield><datafield ind1=" " ind2=" " tag="852"><subfield code="a">D.2111</subfield></datafield></record></collection>